<record><leader>00000cas a22000007a 4500</leader><controlfield tag="001">36299185</controlfield><controlfield tag="008">970130d196u1988okuwr n       0    0eng d</controlfield><datafield ind1=" " ind2=" " tag="010"><subfield code="a">sn 97064748 </subfield></datafield><datafield ind1=" " ind2=" " tag="040"><subfield code="a">OBN</subfield><subfield code="b">eng</subfield><subfield code="c">OBN</subfield><subfield code="d">OCLCQ</subfield><subfield code="d">OCLCF</subfield><subfield code="d">OCLCO</subfield></datafield><datafield ind1="1" ind2=" " tag="029"><subfield code="a">AU@</subfield><subfield code="b">000013092787</subfield></datafield><datafield ind1=" " ind2=" " tag="042"><subfield code="a">msc</subfield></datafield><datafield ind1=" " ind2=" " tag="043"><subfield code="a">n-us-ok</subfield></datafield><datafield ind1="0" ind2="4" tag="245"><subfield code="a">The Mustang mirror.</subfield></datafield><datafield ind1=" " ind2=" " tag="260"><subfield code="a">Mustang, Okla. :</subfield><subfield code="b">Review Print. Co.</subfield></datafield><datafield ind1=" " ind2=" " tag="300"><subfield code="a">v.</subfield></datafield><datafield ind1=" " ind2=" " tag="310"><subfield code="a">Weekly</subfield></datafield><datafield ind1="0" ind2=" " tag="362"><subfield code="a">-v. 6, no. 25 (Mar. 31, 1988).</subfield></datafield><datafield ind1=" " ind2=" " tag="500"><subfield code="a">"Successor to the Yukon Sun."</subfield></datafield><datafield ind1=" " ind2=" " tag="588"><subfield code="a">Description based on: Vol. 74, no. 33 (Jan. 4, 1967).</subfield></datafield><datafield ind1=" " ind2="0" tag="651"><subfield code="a">Mustang (Okla.)</subfield><subfield code="v">Newspapers.</subfield></datafield><datafield ind1=" " ind2="0" tag="651"><subfield code="a">Canadian County (Okla.)</subfield><subfield code="v">Newspapers.</subfield></datafield><datafield ind1=" " ind2="7" tag="655"><subfield code="a">Newspapers.</subfield><subfield code="2">fast</subfield><subfield code="0">(OCoLC)fst01423814</subfield></datafield><datafield ind1=" " ind2="7" tag="651"><subfield code="a">Oklahoma</subfield><subfield code="z">Canadian County.</subfield><subfield code="2">fast</subfield><subfield code="0">(OCoLC)fst01210513</subfield></datafield><datafield ind1=" " ind2="7" tag="651"><subfield code="a">Oklahoma</subfield><subfield code="z">Mustang.</subfield><subfield code="2">fast</subfield><subfield code="0">(OCoLC)fst01228861</subfield></datafield><datafield ind1=" " ind2=" " tag="752"><subfield code="a">United States</subfield><subfield code="b">Oklahoma</subfield><subfield code="c">Canadian</subfield><subfield code="d">Mustang.</subfield></datafield><datafield ind1="0" ind2="0" tag="780"><subfield code="t">Yukon Oklahoma sun (Yukon, Okla.)</subfield><subfield code="w">(DLC)sn 97064747</subfield><subfield code="w">(OCoLC)36299108</subfield></datafield><datafield ind1="0" ind2="7" tag="785"><subfield code="t">Mustang enterprise</subfield><subfield code="w">(DLC)sn 84006022</subfield><subfield code="w">(OCoLC)10392367</subfield></datafield><datafield ind1="0" ind2="7" tag="785"><subfield code="t">Mustang news</subfield><subfield code="w">(DLC)sn 90003420</subfield><subfield code="w">(OCoLC)22602924</subfield></datafield></record>